@electronic
{
    example,
    title = "{Australian Population Grid}",
    year = {2011},
    author = "{Australian Bureau of Statistics}",
    url = "{http://www.abs.gov.au/AUSSTATS/abs@.nsf/Latestproducts/1270.0.55.007Main%20Features12011?opendocument&tabname=Summary&prodno=1270.0.55.007&issue=2011}",
    note = {Accessed: 2017-04-12},
}

@book
{
    ADAIC,
    title = "{Analysis and Design of Analog Integrated Circuits}",
    author = "Paul R. Gray and Paul J. Hurst and Stephen H. Lewis and Robert G. Meyer",
    year = "2009",
    publisher = "Don Fowley",
    edition = "5",
}

@electronic
{
    wikiCC,
    title = "{Common collector}",
    author = "{Brews ohare}",
    note = {Accessed: 2017-04-23},
    url = "{https://en.wikipedia.org/wiki/Common_collector}",
}

@electronic
{
    ampDesign,
    title = "{A method to design the two stage amplifier of the D3 course work}",
    year = "2011",
    month = "October",
    author = "{SM3}",
    url = "{https://secure.ecs.soton.ac.uk/notes/elec2205/D3/CircuitDesign.pdf}",
    note = {Accessed: 2017-03-17},
}

@IEEEtranBSTCTL{IEEEexample:BSTcontrol,  
    CTLuse_forced_etal       = "yes",  
    CTLmax_names_forced_etal = "3",  
    CTLnames_show_etal       = "1"
}
